<record><leader>00000cas a22000007a 4500</leader><controlfield tag="001">20141758</controlfield><controlfield tag="008">890808d194219uucouwr ne      0    0eng d</controlfield><datafield ind1=" " ind2=" " tag="010"><subfield code="a">sn 89052258 </subfield></datafield><datafield ind1=" " ind2=" " tag="040"><subfield code="a">CNQ</subfield><subfield code="b">eng</subfield><subfield code="c">CNQ</subfield><subfield code="d">OCLCQ</subfield></datafield><datafield ind1=" " ind2=" " tag="042"><subfield code="a">msc</subfield></datafield><datafield ind1="0" ind2=" " tag="130"><subfield code="a">Telluride journal (Telluride, Colo. : 1942)</subfield></datafield><datafield ind1="1" ind2="4" tag="245"><subfield code="a">The Telluride journal.</subfield></datafield><datafield ind1="1" ind2="3" tag="246"><subfield code="a">Telluride journal successor to the Telluride daily journal and San Miguel examiner</subfield></datafield><datafield ind1=" " ind2=" " tag="260"><subfield code="a">Telluride, San Miguel County, Colo. :</subfield><subfield code="b">Journal Print. Co.</subfield></datafield><datafield ind1=" " ind2=" " tag="300"><subfield code="a">v.</subfield></datafield><datafield ind1=" " ind2=" " tag="310"><subfield code="a">Weekly</subfield></datafield><datafield ind1="0" ind2=" " tag="362"><subfield code="a">Vol. 62, no. 16 (Oct. 30, 1942)-</subfield></datafield><datafield ind1=" " ind2=" " tag="752"><subfield code="a">United States</subfield><subfield code="b">Colorado</subfield><subfield code="c">San Miguel</subfield><subfield code="d">Telluride.</subfield></datafield><datafield ind1="0" ind2="0" tag="780"><subfield code="t">San Miguel County journal</subfield><subfield code="w">(DLC)sn 89052257</subfield></datafield></record>